@article{kchamp,
      title={Data-driven discovery of coordinates and governing equations}, 
      author={Kathleen Champion and Bethany Lusch and J. Nathan Kutz and Steven L. Brunton},
      year={2019},
      eprint={1904.02107},
      archivePrefix={arXiv},
      primaryClass={stat.OT}
}


@misc{pytorch,
  		title = {{PyTorch documentation}},
  		howpublished = {\url{https://pytorch.org/docs/stable/index.html}}
}


@article{pysindy,
		title={PySINDy: A comprehensive Python package for robust sparse system 		identification},
		author={Alan A. Kaptanoglu and Brian M. de Silva and Urban Fasel and Kadierdan Kaheman and Jared L. Callaham and Charles B. Delahunt and Kathleen Champion and Jean-Christophe Loiseau and J. Nathan Kutz and Steven L. Brunton},
year={2021},
    	Journal = {arXiv preprint arXiv:2111.08481},
}